%% This BibTeX bibliography file was created using BibDesk.
%% http://bibdesk.sourceforge.net/

%% Created for Prof. Dr. Peter Davids at 2017-01-10 09:15:43 +0100


%% Saved with string encoding Unicode (UTF-8)



@string{lastaccessedend = {]}}

@string{lastaccessedstart = {[Abgerufen am}}

@string{mariadbenterprisename = {{MariaDB Foundation}}}

@string{space = {}}


@misc{CloudComputingDef,
	Author = {{Microsoft Azure}},
	Date-Modified = {2020 +0000},
	Howpublished = {\url{https://azure.microsoft.com/de-de/overview/what-is-cloud-computing/#cloud-deployment-types}},
	Note =  LastAccessedStart # { 07.09.2020} # LastAccessedEnd,
	Title = {Was ist Cloud Computing?},
	Year = 2020}

@misc{Saas,
	Author = {{Microsoft Azure}},
	Date-Modified = {2020 +0000},
	Howpublished = {\url{https://azure.microsoft.com/de-de/overview/what-is-saas/}},
	Note =  LastAccessedStart # { 07.09.2020} # LastAccessedEnd,
	Title = {Was ist SaaS? SaaS (Software-as-a-Service)},
	Year = 2020}

@misc{DevOps,
	Author = {{Microsoft Azure}},
	Date-Modified = {2020 +0000},
	Howpublished = {\url{https://azure.microsoft.com/de-de/overview/what-is-devops/}},
	Note =  LastAccessedStart # { 07.09.2020} # LastAccessedEnd,
	Title = {Was ist DevOps?},
	Year = 2020}

@misc{Cache,
	Author = {{Marc-Andre Giroux}},
	Date-Modified = {2019-06-25 +0000},
	Howpublished = {\url{https://www.apollographql.com/blog/graphql-caching-the-elephant-in-the-room-11a3df0c23ad/}},
	Note =  LastAccessedStart # { 07.09.2020} # LastAccessedEnd,
	Title = {GraphQL \& Caching: The Elephant in the Room},
	Year = 2020}

@misc{AWSECS,
	Author = {{Amazon Web Services}},
	Date-Modified = {2020 +0000},
	Howpublished = {\url{https://docs.aws.amazon.com/de_de/AmazonECS/latest/developerguide/Welcome.html}},
	Note =  LastAccessedStart # { 07.09.2020} # LastAccessedEnd,
	Title = {Was ist Amazon Elastic Container Service?},
	Year = 2020}

	@misc{AWSWhitepaper,
	Author = {{Amazon Web Services}},
	Date-Modified = {2017-11 +0000},
	Howpublished = {\url{https://d1.awsstatic.com/whitepapers/serverless-architectures-with-aws-lambda.pdf}},
	Note =  LastAccessedStart # { 07.09.2020} # LastAccessedEnd,
	Title = {Serverless Architectures with AWS Lambda},
	Year = 2020}

		@misc{Backendless,
	Author = {{Backendless Corp.}},
	Date-Modified = {2020 +0000},
	Howpublished = {\url{https://backendless.com/}},
	Note =  LastAccessedStart # { 07.09.2020} # LastAccessedEnd,
	Title = {App Making Made Simple.},
	Year = 2020}

@misc{AWSPolizei,
	Author = {{Tilman Wittenhorst}},
	Date-Modified = {2019-03-03 13:07 +0000},
	Howpublished = {\url{https://www.heise.de/newsticker/meldung/Bundespolizei-speichert-Bodycam-Aufnahmen-in-Amazons-AWS-Cloud-4324689.html}},
	Note =  LastAccessedStart # { 07.09.2020} # LastAccessedEnd,
	Title = {Bundespolizei speichert Bodycam-Aufnahmen in Amazons AWS-Cloud},
	Year = 2019}

@misc{AWSAllgemein,
	Author = {{Amazon Web Services}},
	Date-Modified = {2020 +0000},
	Howpublished = {\url{https://aws.amazon.com/de/what-is-aws/?nc1=f_cc}},
	Note =  LastAccessedStart # { 07.09.2020} # LastAccessedEnd,
	Title = {Was ist AWS?},
	Year = 2020}

	@misc{AWSAmplify,
	Author = {{Amazon Web Services}},
	Date-Modified = {2020 +0000},
	Howpublished = {\url{https://aws.amazon.com/de/amplify/}},
	Note =  LastAccessedStart # { 07.09.2020} # LastAccessedEnd,
	Title = {AWS Amplify},
	Year = 2020}

	@misc{AWSAmplifyKomponenten,
	Author = {{Amazon Web Services}},
	Date-Modified = {2020 +0000},
	Howpublished = {\url{https://aws.amazon.com/de/amplify/features/?nc1=h_ls}},
	Note =  LastAccessedStart # { 07.09.2020} # LastAccessedEnd,
	Title = {AWS Amplify features},
	Year = 2020}

	@misc{API,
	Author = {{Back4App}},
	Date-Modified = {2019-09-11 +0000},
	Howpublished = {\url{https://medium.com/@back4apps/graphql-vs-rest-62a3d6c2021d}},
	Note =  LastAccessedStart # { 07.09.2020} # LastAccessedEnd,
	Title = {GraphQL vs REST},
	Year = 2020}

	@misc{APIGateway,
	Author = {{Amazon Web Services}},
	Date-Modified = {2020 +0000},
	Howpublished = {\url{https://aws.amazon.com/de/api-gateway/}},
	Note =  LastAccessedStart # { 07.09.2020} # LastAccessedEnd,
	Title = {Amazon API Gateway},
	Year = 2020}

	@misc{APIGWPrice,
	Author = {{Amazon Web Services}},
	Date-Modified = {2020 +0000},
	Howpublished = {\url{https://aws.amazon.com/de/api-gateway/pricing/}},
	Note =  LastAccessedStart # { 07.09.2020} # LastAccessedEnd,
	Title = {Amazon API Gateway Preise},
	Year = 2020}

	@misc{AppSync,
	Author = {{Amazon Web Services}},
	Date-Modified = {2020 +0000},
	Howpublished = {\url{https://aws.amazon.com/de/appsync/}},
	Note =  LastAccessedStart # { 07.09.2020} # LastAccessedEnd,
	Title = {AWS AppSync},
	Year = 2020}

	@misc{AppSyncPreise,
	Author = {{Amazon Web Services}},
	Date-Modified = {2020 +0000},
	Howpublished = {\url{https://aws.amazon.com/de/appsync/pricing/}},
	Note =  LastAccessedStart # { 07.09.2020} # LastAccessedEnd,
	Title = {AWS AppSync – Preise},
	Year = 2020}

	@misc{AppSyncAuth,
	Author = {{Steve Johnson}},
	Date-Modified = {2019-09-27 +0000},
	Howpublished = {\url{https://aws.amazon.com/de/blogs/architecture/things-to-consider-when-you-build-a-graphql-api-with-aws-appsync/}},
	Note =  LastAccessedStart # { 07.09.2020} # LastAccessedEnd,
	Title = {Things to Consider When You Build a GraphQL API with AWS AppSync},
	Year = 2019}

	@misc{RDS,
	Author = {{Amazon Web Services}},
	Date-Modified = {2020 +0000},
	Howpublished = {\url{https://aws.amazon.com/de/rds/}},
	Note =  LastAccessedStart # { 07.09.2020} # LastAccessedEnd,
	Title = {Amazon Relational Database Service (RDS)},
	Year = 2020}

	@misc{DynamoDB,
	Author = {{Amazon Web Services}},
	Date-Modified = {2020 +0000},
	Howpublished = {\url{https://aws.amazon.com/de/dynamodb/pricing/on-demand/}},
	Note =  LastAccessedStart # { 07.09.2020} # LastAccessedEnd,
	Title = {Preise für On-Demand-Kapazität},
	Year = 2020}

	@misc{DynamoDBPreise,
	Author = {{Amazon Web Services}},
	Date-Modified = {2020 +0000},
	Howpublished = {\url{https://aws.amazon.com/de/dynamodb/}},
	Note =  LastAccessedStart # { 07.09.2020} # LastAccessedEnd,
	Title = {Amazon DynamoDB},
	Year = 2020}

	@misc{CognitoUebersicht,
	Author = {{Amazon Web Services}},
	Date-Modified = {2020 +0000},
	Howpublished = {\url{https://aws.amazon.com/de/cognito/}},
	Note =  LastAccessedStart # { 07.09.2020} # LastAccessedEnd,
	Title = {Amazon Cognito},
	Year = 2020}

	@misc{Cognito1,
	Author = {{Amazon Web Services}},
	Date-Modified = {2020 +0000},
	Howpublished = {\url{https://docs.aws.amazon.com/de_de/cognito/latest/developerguide/what-is-amazon-cognito.html}},
	Note =  LastAccessedStart # { 07.09.2020} # LastAccessedEnd,
	Title = {Was ist Amazon Cognito?},
	Year = 2020}

	@misc{Cognito2,
	Author = {{Amazon Web Services}},
	Date-Modified = {2020 +0000},
	Howpublished = {\url{https://docs.aws.amazon.com/de_de/cognito/latest/developerguide/cognito-integrate-apps.html}},
	Note =  LastAccessedStart # { 07.09.2020} # LastAccessedEnd,
	Title = {Integration von Amazon Cognito in Web- und mobile Apps},
	Year = 2020}

	@misc{CognitoPreise,
	Author = {{Amazon Web Services}},
	Date-Modified = {2020 +0000},
	Howpublished = {\url{https://aws.amazon.com/de/cognito/pricing/}},
	Note =  LastAccessedStart # { 07.09.2020} # LastAccessedEnd,
	Title = {Amazon Cognito-Preise},
	Year = 2020}

	@misc{LambdaZitat,
	Author = {{Amazon Web Services}},
	Date-Modified = {2020 +0000},
	Howpublished = {\url{https://docs.aws.amazon.com/de_de/lambda/latest/dg/welcome.html}},
	Note =  LastAccessedStart # { 07.09.2020} # LastAccessedEnd,
	Title = {Was ist AWS Lambda?},
	Year = 2020}

	@misc{LambdaDynamo,
	Author = {{Amazon Web Services}},
	Date-Modified = {2020 +0000},
	Howpublished = {\url{https://docs.aws.amazon.com/de_de/lambda/latest/dg/with-ddb.html}},
	Note =  LastAccessedStart # { 07.09.2020} # LastAccessedEnd,
	Title = {Verwenden von AWS Lambda mit Amazon DynamoDB},
	Year = 2020}

	@misc{LambdaDienste,
	Author = {{Amazon Web Services}},
	Date-Modified = {2020 +0000},
	Howpublished = {\url{https://docs.aws.amazon.com/de_de/lambda/latest/dg/lambda-services.html}},
	Note =  LastAccessedStart # { 07.09.2020} # LastAccessedEnd,
	Title = {Verwenden von AWS Lambda mit sonstigen Services},
	Year = 2020}

	@misc{LambdaPreise,
	Author = {{Amazon Web Services}},
	Date-Modified = {2020 +0000},
	Howpublished = {\url{https://aws.amazon.com/de/lambda/pricing/}},
	Note =  LastAccessedStart # { 07.09.2020} # LastAccessedEnd,
	Title = {AWS Lambda – Preise},
	Year = 2020}

	@misc{JavascriptFrameworks,
	Author = {{Maximilian Schwarzmueller}},
	Date-Modified = {2020-03-19 +0000},
	Howpublished = {\url{https://academind.com/learn/angular/angular-vs-react-vs-vue-my-thoughts/}},
	Note =  LastAccessedStart # { 07.09.2020} # LastAccessedEnd,
	Title = {Angular vs React vs Vue [2020 Update]},
	Year = 2020}

	@misc{JSX,
	Author = {{W3Schools}},
	Date-Modified = {2020 +0000},
	Howpublished = {\url{https://www.w3schools.com/react/react_jsx.asp}},
	Note =  LastAccessedStart # { 07.09.2020} # LastAccessedEnd,
	Title = {React JSX},
	Year = 2020}

	@misc{SDKListAccounts,
	Author = {{Amazon Web Services}},
	Date-Modified = {2018-09-22 18:16:14 +0000},
	Howpublished = {\url{https://docs.aws.amazon.com/AWSJavaScriptSDK/latest/AWS/Organizations.html#listAccounts-property}},
	Note =  LastAccessedStart # { 07.09.2020} # LastAccessedEnd,
	Title = {Class: AWS.Organizations},
	Year = 2020}

	@misc{GraphQL,
	Author = {{The GraphQL Foundation}},
	Date-Modified = {2020 +0000},
	Howpublished = {\url{https://graphql.org/learn/queries/}},
	Note =  LastAccessedStart # { 07.09.2020} # LastAccessedEnd,
	Title = {Queries and Mutations},
	Year = 2020}

	@misc{GraphQL1,
	Author = {{The GraphQL Foundation}},
	Date-Modified = {2020 +0000},
	Howpublished = {\url{https://graphql.org/learn/schema/#the-query-and-mutation-types}},
	Note =  LastAccessedStart # { 07.09.2020} # LastAccessedEnd,
	Title = {Schemas and Types},
	Year = 2020}

	@misc{GraphQLHTTP,
	Author = {{The GraphQL Foundation}},
	Date-Modified = {2020 +0000},
	Howpublished = {\url{https://graphql.org/learn/serving-over-http/}},
	Note =  LastAccessedStart # { 07.09.2020} # LastAccessedEnd,
	Title = {Serving over HTTP},
	Year = 2020}

	@misc{Apollo,
	Author = {{Apollo Graph Inc.}},
	Date-Modified = {2020 +0000},
	Howpublished = {\url{https://www.apollographql.com/docs/apollo-server/performance/caching/}},
	Note =  LastAccessedStart # { 07.09.2020} # LastAccessedEnd,
	Title = {Caching},
	Year = 2020}

	@misc{CaaS,
	Author = {{Microsoft Azure}},
	Date-Modified = {2020 +0000},
	Howpublished = {\url{https://azure.microsoft.com/de-de/overview/what-is-a-container/}},
	Note =  LastAccessedStart # { 07.09.2020} # LastAccessedEnd,
	Title = {Was ist ein Container?},
	Year = 2020}

	@misc{GitHub,
	Author = {{Moritz Stückler}},
	Date-Modified = {2020-02-24 10:56:00 +0000},
	Howpublished = {\url{https://t3n.de/news/eigentlich-github-472886/}},
	Note =  LastAccessedStart # { 07.09.2020} # LastAccessedEnd,
	Title = {Was ist eigentlich Github?},
	Year = 2020}

	@misc{Zustandslos,
	Author = {{Red Hat, Inc.}},
	Date-Modified = {2020+0000},
	Howpublished = {\url{https://www.redhat.com/de/topics/cloud-native-apps/stateful-vs-stateless}},
	Note =  LastAccessedStart # { 07.09.2020} # LastAccessedEnd,
	Title = {Zustandsbehaftet oder zustandslos?},
	Year = 2020}

    @misc{Checkpoint,
	Author = {{Michael Novinson}},
	Date-Modified = {2019-02-12 12:47:00 +0000},
	Howpublished = {\url{https://www.crn.com/news/security/check-point-to-buy-serverless-security-firm-protego-to-protect-cloud}},
	Note =  LastAccessedStart # { 07.09.2020} # LastAccessedEnd,
	Title = {Check Point To Buy Serverless Security Firm Protego To Protect Cloud},
	Year = 2019}

    @misc{Security,
	Author = {{Chandan Kumar}},
	Date-Modified = {2019-09-07 +0000},
	Howpublished = {\url{https://geekflare.com/serverless-application-security/}},
	Note =  LastAccessedStart # { 07.09.2020} # LastAccessedEnd,
	Title = {5 Best Serverless Security Platform for Your Applications},
	Year = 2019}

	@misc{Datenbankvergleich,
	Author = {{Alexander Lapp / Nico Litzel}},
	Date-Modified = {2017-05-24 +0000},
	Howpublished = {\url{https://www.bigdata-insider.de/big-data-sql-und-nosql-eine-kurze-uebersicht-a-602249/}},
	Note =  LastAccessedStart # { 07.09.2020} # LastAccessedEnd,
	Title = {Big Data, SQL und NoSQL – eine kurze Übersicht},
	Year = 2017}


    @misc{CloudComputingDef1,
	Author = {{Microsoft Azure}},
	Date-Modified = {2020-01-10 08:15:41 +0000},
	Howpublished = {\url{https://azure.microsoft.com/de-de/overview/what-is-cloud-computing/#cloud-deployment-types}},
	Note =  LastAccessedStart # { 07.09.2020} # LastAccessedEnd,
	Title = {{F}raction ({A}pache {C}ommons {M}ath 3.6.1 {API})},
	Year = 2020}
